4792 6400
2075 667 2211 734 101

551 863 672 928 hoc
727 867 1084 946 praecepto
1140 861 1460 943 abrogato
1516 862 1779 928 iubeam
1834 861 2443 930 condemnationem
2499 871 2700 949 atque
2757 888 2889 931 una
2942 889 3188 951 poenas
3241 869 3614 952 pensandas
3672 879 3739 936 et

549 965 796 1030 homini
842 965 1081 1029 iniuste
1140 984 1449 1046 oppresso
1505 985 1752 1047 poenas
1796 966 2014 1048 expeti
2061 964 2144 1030 ab
2192 967 2331 1032 eius
2378 971 2805 1051 oppressore?
2870 969 3132 1036 Etenim
3179 971 3488 1054 quodque
3533 974 3736 1038 omni-

549 1066 670 1132 bus
724 1068 1015 1132 numeris
1071 1066 1444 1131 obsolutum
1501 1088 1637 1132 rem
1692 1068 1905 1132 minus
1956 1067 2317 1150 perfectam
2371 1076 2704 1135 removeat
2759 1092 3016 1137 necesse
3071 1079 3187 1138 est.
3291 1075 3433 1154 Quo
3486 1073 3736 1140 factum

549 1176 663 1249 est,
712 1175 789 1235 ut
832 1171 936 1235 lex
977 1170 1242 1236 Domini
1288 1170 1496 1235 nostri
1542 1172 1831 1254 priorem
1874 1169 2198 1236 aboleret:
2244 1173 2414 1238 hanc
2455 1193 2610 1238 vero
2656 1172 2891 1239 tollere
2935 1177 3200 1240 minime
3244 1176 3420 1241 licet.
3508 1178 3736 1260 Neque

549 1274 720 1337 enim
766 1273 1126 1357 quidquam
1169 1273 1522 1357 pretiosius
1567 1277 1693 1352 est,
1743 1294 1940 1356 quam
1987 1274 2132 1356 ipsa
2176 1273 2282 1338 lex
2324 1274 2444 1338 illa
2490 1276 2792 1341 omnibus
2838 1279 3124 1343 numeris
3167 1277 3491 1359 absoluta,
3537 1301 3735 1364 prop-

547 1380 729 1441 terea
774 1376 953 1459 quod
996 1376 1164 1441 nihil
1194 1376 1467 1454 exsistit,
1515 1374 1694 1458 quod
1725 1376 2132 1458 praeclarius
2176 1378 2278 1455 sit,
2329 1398 2527 1460 quam
2560 1379 2912 1444 miserendi
2957 1381 3129 1445 ratio
3164 1401 3494 1464 quamque
3537 1382 3734 1448 bene-

547 1477 763 1543 facere
809 1500 887 1544 ac
930 1478 1103 1543 ferre
1145 1480 1496 1562 patienter.
1544 1517 1628 1525 —

802 1580 968 1646 Tum
1011 1581 1122 1645 isti
1164 1582 1444 1646 trecenti
1476 1586 1544 1646 et
1572 1581 2022 1663 duodeviginti
2066 1583 2355 1648 seniores
2387 1583 2754 1661 orthodoxi,
2804 1605 2952 1650 cum
2981 1585 3200 1663 verba,
3251 1608 3421 1670 quae
3467 1610 3734 1673 respon-

545 1685 735 1749 derat
791 1684 1285 1761 ConstantinuS,
1354 1683 1783 1761 audivissent,
1846 1683 2129 1750 Domino
2182 1692 2410 1750 nostro
2461 1685 2616 1752 Jesu
2674 1685 2934 1752 Christo
2990 1725 3074 1736 —
3127 1689 3189 1753 ei
3242 1691 3330 1754 sit
3384 1690 3597 1772 gloria
3650 1730 3732 1738 --

545 1808 770 1871 preces
815 1786 1261 1852 adhibuerunt
1319 1787 1636 1852 dicentes:
1705 1787 1811 1865 „O
1858 1787 2163 1863 Domine,
2226 1809 2357 1852 non
2405 1792 2503 1853 est
2557 1788 2817 1853 initium
2874 1797 3029 1854 tuae
3083 1791 3463 1857 aeternitati
3522 1812 3733 1876 neque

543 1890 689 1955 finis
734 1896 889 1955 tuae
945 1890 1363 1956 exsistentiae
1419 1889 1790 1973 posteriori,
1881 1890 2050 1955 Nam
2102 1898 2174 1955 tu
2220 1911 2288 1955 es
2346 1892 2635 1956 omnium
2692 1891 3117 1957 altitudinum
3174 1894 3559 1974 altissimus,
3615 1917 3734 1960 nec

544 1992 1042 2059 fundamentum
1105 1999 1204 2058 est
1265 1998 1421 2057 tuae
1486 1991 1956 2075 profunditati,
2028 2014 2148 2058 nec
2211 1991 2554 2076 longitudo
2622 1999 2738 2058 aut
2804 1994 3089 2061 latitudo
3156 2002 3311 2061 tuae
3378 1997 3730 2062 divinitati.

542 2099 760 2180 Atque
806 2097 1003 2162 etiam
1049 2116 1321 2178 regnum
1365 2101 1551 2160 tuum
1582 2115 1856 2177 regnum
1901 2100 2001 2159 est
2044 2101 2384 2161 aeternum
2430 2101 2496 2160 et
2542 2096 2890 2179 imperium
2925 2103 3111 2162 tuum
3156 2120 3365 2183 usque
3411 2099 3499 2164 ad
3543 2121 3733 2184 gene-

543 2200 865 2264 rationem
912 2207 977 2264 et
1035 2198 1542 2282 generationem.
1633 2196 1686 2260 O
1732 2195 2040 2277 Domine,
2094 2197 2209 2264 des
2233 2202 2279 2281 ¹)
2338 2198 2654 2263 iudicium
2709 2205 2896 2263 tuum
2944 2200 3376 2266 Constantino
3431 2223 3550 2268 nec
3601 2224 3733 2268 non

540 2307 724 2366 tuam
770 2303 1092 2367 iustitiam
1138 2302 1277 2367 eius
1323 2300 1480 2381 filio,
1528 2307 1604 2364 ut
1648 2300 1819 2364 iuste
1864 2298 2111 2383 populo
2157 2304 2272 2365 tuo
2318 2302 2421 2366 ius
2465 2301 2647 2366 dicat
2692 2323 2768 2366 ac
2808 2323 3059 2368 summo
3105 2323 3252 2367 cum
3298 2305 3441 2368 iure
3485 2325 3732 2388 paupe-

543 2404 723 2468 ribus
767 2406 964 2469 tuis.“
1052 2405 1140 2469 Et
1184 2404 1357 2469 hunc
1399 2402 1726 2487 psalmum
1770 2423 1977 2486 usque
2023 2402 2109 2467 ad
2152 2402 2347 2467 finem
2394 2410 2746 2469 oraverunt
2791 2410 2991 2489 atque
3035 2406 3234 2470 etiam
3280 2406 3447 2471 alias
3492 2408 3733 2473 multas

543 2528 768 2590 preces
798 2508 1099 2573 fecerunt
1128 2514 1193 2573 et
1226 2508 1421 2590 (Deo)
1454 2504 1914 2589 supplicarunt
1958 2505 2275 2570 dicentes:
2346 2505 2443 2583 „O
2474 2506 2771 2588 Domine,
2818 2529 2899 2573 ne
2928 2529 3172 2573 vacuus
3203 2510 3321 2573 fiat
3366 2508 3473 2574 hic
3513 2517 3731 2576 terrae

541 2612 841 2676 thronus:
913 2632 1092 2677 seras
1135 2610 1204 2674 in
1251 2631 1328 2675 eo
1379 2628 1588 2692 grana
1630 2607 1841 2691 regia,
1901 2615 1975 2672 ut
2029 2609 2190 2672 iuris
2234 2606 2519 2672 fructum
2566 2617 2633 2674 et
2677 2609 2923 2694 populo
2970 2617 3036 2676 et
3090 2611 3493 2697 pauperibus
3537 2612 3728 2678 feras.

543 2716 594 2778 O
630 2714 928 2792 Domine,
975 2734 1282 2798 rogamus
1328 2719 1396 2776 te
1439 2711 1692 2793 tibique
1740 2710 2205 2795 supplicamuS,
2253 2711 2432 2794 quod
2475 2717 2549 2776 tu
2595 2714 3005 2797 propinquus
3023 2714 3077 2799 2)
3124 2735 3191 2778 es
3239 2713 3540 2779 omnibus
3585 2716 3730 2799 qui-

541 2839 820 2901 cumque
885 2822 951 2881 te
1013 2819 1312 2881 vocant.“
1410 2814 1663 2878 Deinde
1725 2814 2044 2878 Dominus
2108 2819 2331 2878 noster
2390 2814 2582 2879 Jesus
2641 2813 2940 2880 Christus
2988 2853 3063 2865 —
3112 2817 3174 2881 ei
3239 2817 3325 2881 sit
3389 2816 3601 2899 gloria
3645 2856 3729 2865 —

537 2920 847 3004 precibus
904 2919 1191 3002 acceptis
1237 2916 1323 2982 ad
1383 2937 1493 2982 eos
1536 2916 1870 3001 profectus
1915 2917 2164 2998 Corpus
2215 2914 2392 2980 Juris
2439 2938 2475 2981 e
2520 2916 2758 2982 Vetere
2804 2938 2880 2983 ac
2925 2918 3107 2983 Novo
3154 2918 3571 2984 Testamento
3619 2941 3728 2985 ex-

540 3024 717 3107 cerpi
781 3022 990 3087 iussit.
1115 3023 1321 3099 Quem
1399 3020 1663 3103 quidem
1739 3018 1982 3083 librum
2048 3017 2132 3082 ab
2210 3017 2744 3086 Ibn-'al-‘Asscil
2763 3022 2814 3103 ³)
2893 3021 3210 3103 scriptum
3275 3021 3723 3101 Constantino,

533 3125 827 3191 Helenae
875 3124 1041 3204 filio,
1090 3124 1203 3207 qui
1250 3122 1575 3208 regnabat
1618 3123 1687 3185 in
1731 3126 1914 3186 terra
1958 3120 2242 3201 Graeca,
2295 3121 2777 3187 tradiderunt.“
2821 3162 2909 3171 -

791 3230 927 3293 Aus
973 3228 1188 3292 dieser
1231 3226 1641 3292 Introductio
1688 3224 1805 3289 der
1852 3224 2326 3290 abessinischen
2373 3225 2645 3291 Codices
2691 3227 2943 3309 ergiebt
2995 3227 3134 3293 sich
3179 3227 3525 3293 zweierlei:

795 3334 860 3417 1)
906 3331 1139 3395 Kaiser
1194 3331 1579 3397 Constantia
1633 3329 1692 3392 d.
1749 3327 1866 3395 Gr.
1933 3327 2019 3391 ist
2088 3327 2259 3391 nach
2314 3327 2587 3394 Ansicht
2654 3329 2768 3395 des
2837 3329 3320 3395 abessinischen
3392 3330 3727 3396 Gesetzes-

532 3435 871 3501 redactors
917 3434 1035 3499 der
1078 3433 1514 3500 intellectuelle
1571 3430 1851 3497 Urheber
1895 3429 2014 3494 der
2056 3429 2457 3496 iuridischen
2504 3433 2801 3499 Canones
2859 3454 3180 3516 gewesen:
3238 3454 3312 3498 er
3367 3432 3497 3497 will
3545 3432 3725 3498 nicht

533 3539 650 3603 auf
690 3540 917 3622 eigene
961 3536 1508 3618 Verantwortung
1552 3533 1667 3598 hin
1713 3531 1879 3597 iiber
1924 3532 2043 3596 das
2085 3532 2310 3598 Leben
2354 3535 2571 3600 seiner
2612 3536 3071 3602 Unterthanen
3115 3535 3447 3620 verfiigen,
3494 3534 3725 3601 darum

531 3642 693 3706 l‘asst
740 3662 812 3706 er
854 3640 996 3705 sich
1037 3659 1165 3704 von
1209 3638 1326 3703 der
1370 3638 1618 3703 Kirche
1663 3636 1780 3702 das
1827 3636 2036 3701 Recht
2083 3634 2248 3700 iiber
2290 3636 2515 3702 Leben
2567 3639 2704 3703 und
2749 3638 2891 3704 Tod
2934 3640 3285 3706 verleihen.

786 3746 856 3829 2)
899 3742 1407 3808 Ibn-al-‘Asscil
1460 3740 1584 3805 soll
1641 3739 1758 3805 der
1811 3738 2209 3821 Gompilator
2266 3738 2380 3804 des
2425 3740 2948 3825 Faba-Nayast
2999 3742 3165 3805 sein:
3231 3761 3303 3805 er
3355 3740 3726 3806 unterzieht

530 3847 669 3914 sich
714 3848 930 3913 seiner
973 3844 1271 3929 Aufgabe
1318 3845 1406 3910 im
1451 3825 1732 3926 Auftra’g
1777 3843 1890 3908 des
1935 3841 2393 3907 nicaenischen
2439 3842 2716 3909 ConciIS.
2759 3884 2847 3893 —

786 3950 943 4015 Man
1010 3948 1180 4013 sieht
1235 3947 1357 4013 auf
1404 3946 1531 4011 den
1585 3951 1804 4011 ersten
1856 3944 2076 4024 Blick‚
2140 3943 2290 4010 dass
2355 3946 2463 4012 ein
2529 3947 3108 4013 unversiihnlicher
3171 3946 3722 4029 chronoloyischer

545 4054 1014 4136 Widerspruch
1057 4051 1374 4117 zwischen
1420 4050 1540 4114 der
1584 4054 1802 4114 ersten
1846 4047 1984 4112 und
2026 4048 2295 4113 zweiten
2330 4050 2605 4132 Angabe
2649 4050 2929 4116 besteht.
3017 4048 3209 4115 Denn
3251 4048 3724 4115 Ibn-al-‘Asscil

528 4160 615 4223 ist
673 4179 803 4222 von
859 4156 1244 4223 Constantia
1296 4153 1556 4219 zeitlich
1618 4151 1823 4218 durch
1877 4152 1983 4217 die
2041 4151 2511 4218 Scheidewand
2578 4154 2780 4219 vieler
2841 4153 2880 4218 J
2885 4151 3330 4217 ahrhunderte
3398 4156 3721 4234 getrennt.

529 4260 681 4326 Und
712 4281 780 4326 es
825 4260 911 4325 ist
940 4258 1318 4340 uberhaupt
1360 4256 1542 4322 nicht
1571 4254 1818 4320 schwer
1848 4277 1929 4320 zu
1974 4256 2396 4335 constatiren,
2445 4256 2595 4321 dass
2641 4256 2747 4322 die
2790 4256 3131 4322 letzterem
3176 4253 3569 4318 vindicirten
3613 4275 3722 4317 ur-

528 4363 905 4431 s'achlichen
935 4361 1392 4445 Beziehungen
1438 4381 1584 4423 zum
1629 4357 2114 4423 abessinischen
2143 4357 2561 4424 Rechtsbuch
2608 4358 2727 4424 auf
2753 4359 2999 4423 Irrtum
3042 4358 3240 4423 bezw.
3273 4356 3723 4423 tendenziiiser

528 4467 786 4533 Fiction
830 4465 1143 4531 bernhen.
1232 4462 1445 4528 Dafur
1488 4462 1740 4547 spricht
1777 4463 1852 4546 ja
1896 4460 2136 4526 sonder
2163 4460 2428 4527 Zweifel
2472 4462 2589 4527 der
2634 4483 2837 4546 ganze
2881 4462 3114 4527 Gelzalt
3158 4480 3424 4526 unseres
3449 4460 3718 4543 Corpus,

529 4571 647 4635 das
699 4569 940 4635 relativ
983 4570 1185 4651 junye
1230 4566 1415 4631 Alter
1470 4565 1588 4630 der
1640 4563 2044 4629 rechtlichen
2091 4564 2397 4645 Quellen,
2453 4564 2575 4630 auf
2620 4565 2907 4630 welchen
2963 4563 3264 4629 dasselbe
3321 4561 3545 4627 basirt.
3636 4562 3721 4627 So

529 4674 643 4753 ist,
701 4694 810 4737 um
868 4694 993 4737 nur
1036 4673 1144 4736 ein
1160 4674 1213 4755 ⁴)
1268 4667 1557 4752 Beispiel
1614 4666 2051 4746 anzufiihren,
2114 4666 2259 4732 laut
2312 4668 2460 4733 dem
2513 4667 2996 4751 Selbstzeugnis
3050 4667 3163 4731 des
3219 4665 3437 4730 Codex
3494 4665 3721 4750 (vergl.

745 4895 784 4964 ι)
845 4894 934 4948 Ps.
979 4895 1172 4949 721.2.
1282 4893 1325 4962 ²)
1371 4891 1460 4945 Ps.
1503 4891 1701 4958 14513,
1748 4891 1908 4945 3419.
2017 4890 2057 4959 ⁸)
2120 4889 2243 4943 Hoc
2290 4908 2500 4945 nomen
2546 4890 2870 4959 proprium,
2916 4890 3191 4944 Arabice:
3253 4872 3503 4957 gli-...all
3560 4877 3719 4981 0⁴⁴

527 5009 866 5076 Aethiopica
904 5006 1265 5061 scribendum
1303 5013 1452 5061 erat:
1510 5001 1682 5078 71⁵1st
1727 5021 1749 5061 ι
1792 4998 2120 5077 ᾖΑΠὴΑ
2160 5020 2181 5059 2
2233 5004 2376 5070 (cod.
2404 5005 2490 5073 B.)
2528 5035 2596 5044 —
2634 5003 2878 5072 Bickelz,
2924 5003 3265 5059 Geschichte
3313 5005 3411 5059 des
3450 5003 3720 5059 Kircben-

527 5124 732 5178 rechts.
808 5120 1039 5175 Giessen
1079 5121 1233 5175 1843.
1306 5120 1411 5174 Bd.
1443 5122 1500 5187 1,
1537 5138 1665 5189 pag.
1696 5121 1815 5189 179,
1855 5120 2135 5175 schreibt:
2174 5119 2651 5174 Abnalcassabm.
2731 5121 2774 5188 ⁴)
2814 5118 3002 5188 Vergl.
3041 5137 3244 5174 unsere
3282 5119 3721 5187 Ausffihrungen

528 5225 631 5278 sub
669 5228 703 5280 5
741 5226 883 5279 fiber
919 5223 1012 5276 die
1051 5220 1434 5291 Composition
1471 5223 1590 5277 und
1636 5220 1864 5291 Quellen
1902 5221 2000 5275 des
2037 5220 2100 5276 F.
2139 5221 2206 5275 N.
