4792 6400
776 1658 1191 1788 Priusquam
1238 1706 1323 1770 ad
1366 1707 1581 1789 ipsum
1613 1705 2073 1771 Abessinorum
2117 1707 2220 1772 ius
2262 1707 2613 1788 veniamus,
2662 1706 2742 1772 de
2785 1704 2982 1771 rebus
3023 1703 3388 1770 tractandis
3432 1722 3509 1769 ac
3553 1702 3681 1768 dis·

520 1806 839 1892 ponendis
883 1827 1096 1892 pauca
1138 1808 1353 1874 verba.
1383 1808 1701 1874 faciamus
1746 1830 2005 1876 necesse
2050 1814 2167 1876 est.

775 1910 963 1975 Nunc
1019 1911 1283 1995 quidem
1337 1932 1467 1977 non
1512 1912 1580 1976 in
1634 1913 1861 2003 animo,
1900 1912 2244 1994 habemus,
2299 1918 2525 1979 totum*
2550 1911 2729 1977 illius
2771 1909 2998 1995 populi
3051 1931 3289 1994 corpus
3332 1908 3681 1974 iuridicum

521 2012 712 2079 edere
758 2012 963 2099 (quod
1014 2012 1258 2079 multos
1309 2035 1430 2098 per
1474 2034 1680 2079 annos
1739 2013 2137 2097 singularem
2183 2023 2248 2081 et
2271 2000 2494 2099 >prope
2536 2000 2986 2079 incredibilem
3031 2012 3438 2096 diligentiam
3481 2017 3681 2095 atque

520 2116 909 2182 industriam
941 2115 1392 2200 desideraret),
1436 2137 1663 2182 verum
1691 2121 1949 2200 partem
1979 2116 2309 2200 quandam
2355 2117 2570 2201 operis
2607 2116 2799 2201 longe
2838 2116 3281 2200 gravissimam
3315 2114 3680 2197 selegimus,

521 2223 722 2302 caput
771 2218 1145 2283 vicesimum
1200 2224 1533 2303 quartum:
1609 2219 1742 2286 Jus
1796 2221 2098 2286 connubii
2146 2219 2628 2286 Abessinorum.
2731 2217 3139 2302 Quamquam
3198 2216 3388 2283 nobis
3441 2237 3681 2301 propo-

520 2322 765 2387 suimus
810 2325 1059 2406 postea,
1102 2321 1160 2386 si
1191 2322 1328 2387 Deo
1372 2321 1682 2406 placebit,
1728 2323 2051 2406 paulatim
2096 2327 2348 2388 ceteras
2392 2323 2608 2406 operis
2651 2326 2872 2406 partes
2916 2327 3267 2405 perpetuas
3312 2341 3347 2386 e
3371 2310 3683 2385 'tenebris

520 2425 589 2489 in
631 2424 843 2490 lucem
896 2444 1185 2489 evocare.
2036 2491 2042 2497 ,
2334 2506 2340 2515 .

772 2525 974 2592 Libro
1027 2528 1356 2611 praesenti
1409 2527 1479 2594 id
1528 2527 1940 2612 potissimum
1994 2529 2354 2611 sequimur,
2408 2535 2483 2594 ut
2535 2548 2683 2592 cum
2735 2532 2985 2592 textum
3038 2527 3199 2593 iuris
3245 2524 3551 2591 connubii
3596 2524 3682 2590 ad

517 2629 711 2695 fidem
763 2630 1351 2714 manuscriptorum
1404 2630 1938 2715 Aethiopicorum
1990 2651 2111 2696 nec
2166 2651 2295 2696 non
2338 2629 2771 2696 Arabicorum
2821 2632 3138 2712 inteqmm
3191 2649 3337 2694 cum
3389 2629 3681 2694 versione

516 2733 757 2798 Latina
800 2731 1168 2815 legentibus
1214 2738 1366 2799 ante
1411 2732 1637 2799 oculos
1680 2753 2029 2817 ponamus,
2081 2739 2221 2799 tum
2264 2735 2603 2799 materiem
2648 2730 2992 2797 iuridicam
3037 2738 3343 2798 accurate
3387 2729 3682 2797 enuclee-

521 2856 665 2901 mus
711 2841 778 2902 et
824 2834 1237 2919 explicemus.
1328 2837 1537 2915 Quam
1581 2834 1669 2902 ad
1707 2857 1845 2901 rem
1888 2835 2115 2902 libello
2159 2844 2383 2903 nostro
2428 2835 2889 2902 tractationem
2933 2834 3281 2919 specialem
3323 2833 3683 2913 iuridicam,

517 2939 744 3023 lingua
788 2938 1183 3004 Germanica
1225 2939 1565 3023 scriptam,
1615 2938 1995 3020 adiecimus,
2040 2959 2210 3023 quae
2256 2938 2336 3005 de
2381 2938 2681 3005 omnibus
2699 3000 2702 3001 f
2723 2937 2810 3004 ad
2851 2939 3192 3004 materiem
3235 2939 3444 3023 ipsam
3486 2935 3684 3002 rebus

520 3039 1005 3126 pertinentibus
1050 3046 1439 3123 quaerentes
1482 3041 1735 3107 doceat.
1809 3041 2212 3109 Introductio
2254 3043 2457 3125 igitur
2484 3048 2711 3108 nostra
2752 3043 2852 3107 ius
2884 3040 3194 3108 connubii
3223 3040 3683 3107 Abessinorum

516 3143 783 3209 minime
837 3141 1166 3228 explicare
1217 3143 1392 3224 vult,
1456 3144 1652 3211 immo
1718 3145 1938 3229 potius
1988 3146 2260 3231 propria
2323 3151 2424 3211 est
2479 3145 2880 3212 introductio
2934 3145 3002 3210 in
3055 3151 3257 3212 totum
3310 3165 3473 3229 opus
3525 3143 3684 3208 iuri-

518 3247 736 3312 dicum
781 3253 1048 3330 tamque
1094 3252 1250 3330 apte
1295 3267 1440 3313 cum
1486 3247 1945 3314 dissertatione
1989 3248 2107 3313 illa
2149 3247 2429 3314 iuridica
2472 3247 2806 3329 cohaeret,
2863 3255 2939 3314 ut
2982 3250 3169 3333 quasi
3210 3248 3404 3313 huius
3447 3247 3683 3313 funda-

517 3355 809 3415 mentum
854 3350 1061 3433 possit
1092 3349 1435 3434 appellari.
1526 3349 1934 3417 Introductio
1981 3351 2243 3435 quidem
2285 3350 2720 3433 litteraturae,
2768 3350 2849 3417 de
2892 3372 3025 3436 qua
3055 3353 3287 3436 agitur,
3334 3355 3682 3434 conspectu

521 3450 879 3536 praemisso
910 3452 1056 3536 ipsa
1101 3452 1398 3518 codicum
1428 3452 1630 3518 verba
1658 3453 1845 3520 nobis
1875 3454 2095 3519 tradet
2122 3453 2299 3519 velut
2330 3452 2412 3519 de
2457 3454 2668 3538 operis
2701 3461 2991 3535 auctore,
3035 3475 3250 3539 scopo,
3295 3456 3681 3539 partitione:

521 3556 590 3619 in
637 3554 1032 3620 tractatione
1075 3576 1231 3622 vero
1274 3555 1916 3637 iuridico-historica,
1961 3577 2130 3640 quae
2177 3561 2536 3623 extremam
2578 3556 2769 3623 huius
2812 3556 2965 3623 libri
3003 3563 3259 3642 partem
3303 3556 3683 3638 continebit,

519 3657 859 3722 materiem
911 3656 1105 3723 istam
1160 3658 1226 3722 in
1282 3657 1771 3725 Introductione
1825 3664 2195 3726 acervatam
2251 3658 2599 3742 diligenter
2652 3658 3095 3744 disponemus,
3147 3660 3531 3745 dispositam
3584 3661 3683 3725 in-

522 3760 854 3843 quiremus
898 3766 963 3826 et
1013 3760 1472 3845 perpoliemus.
