4792 6400
2622 566 2711 632 VI

1058 778 1287 860 copias
1312 774 1652 859 augendas
1678 772 1926 838 librum
1958 777 2255 839 nostrum
2302 773 2796 839 accuratissime
2827 771 3284 857 perlustravit,
3330 769 3411 837 de
3459 772 3712 837 edendo
3760 793 3956 857 opere
4000 772 4272 840 destitit.

1062 899 1249 978 Quae
1290 918 1438 962 cnm
1482 896 1583 959 ita
1625 895 1790 973 sint,
1846 892 2038 958 nobis
2091 891 2274 958 haud
2330 892 2790 975 ignorantibus
2845 912 3133 958 summas
3200 912 3337 958 esse
3383 891 3639 958 futuras
3685 892 4111 960 difficultates
4153 895 4273 959 im-

1060 1017 1413 1097 minentes,
1485 1014 1654 1079 nihil
1719 1012 1909 1079 aliud
1974 1014 2104 1079 vim
2168 1012 2353 1079 dedit
2414 1012 2647 1077 edendi
2711 1012 3109 1097 Aethiopum
3179 1013 3333 1078 libri
3401 1013 3691 1095 iuridici,
3772 1014 3899 1079 nisi
3960 1015 4107 1099 ipsa
4176 1016 4272 1083 rei

1062 1135 1483 1219 magnitude,
1544 1134 1943 1219 praesertim
1998 1155 2144 1199 cum
2198 1134 2300 1198 vir
2363 1132 2476 1199 ille
2533 1133 2946 1199 doctissimus
3000 1154 3103 1199 me
3163 1132 3468 1199 doctrina
3521 1153 3640 1198 sua
3695 1136 4020 1218 exquisita
4074 1136 4275 1202 semel

1066 1262 1272 1340 atque
1322 1257 1567 1322 iterum
1610 1254 2075 1321 liberalissime
2132 1254 2495 1319 adiuvaret.
2589 1254 2759 1319 Huic
2814 1254 3080 1337 quidem
3135 1275 3258 1320 nec
3305 1276 3436 1319 non
3483 1255 3575 1319 eis
3621 1255 3776 1319 viris
3822 1254 4275 1323 eruditissimis

1062 1376 1683 1460 illustrissimisque‚
1727 1376 1845 1459 qui
1875 1375 2331 1441 Bibliothecae
2365 1375 2608 1458 Regiae
2638 1373 3074 1454 Berolinensi‚
3121 1375 3573 1441 Bibliothecae
3608 1375 4274 1458 Franckofordianae,

1065 1496 1525 1563 Bibliothecae
1582 1496 1834 1580 Regiae
1884 1495 2319 1580 Tubingensi,
2383 1494 2837 1560 Bibliothecae
2903 1495 3238 1561 Mediceae
3301 1496 3788 1563 Laurentianae
3854 1496 4276 1563 Florentinae

1066 1624 1414 1702 praesunt,
1477 1618 1835 1682 maximam
1890 1615 2106 1682 habeo
2160 1617 2463 1700 gratiam.
2561 1614 2726 1680 Item
2779 1615 2903 1681 hoc
2960 1637 3224 1700 quoque
3276 1616 3421 1683 loco
3467 1617 3669 1701 Regio
3713 1619 4146 1683 Borussorum
4193 1617 4277 1682 ad

1069 1737 1529 1803 Eruditionem
1574 1737 1941 1820 pertinenti
1972 1736 2342 1802 Ministerio
2388 1735 2706 1801 submisse
2752 1754 3038 1800 summas
3086 1757 3209 1820 ago
3244 1738 3512 1820 gratias»,
3559 1738 3734 1820 quod
3780 1738 3941 1803 mihi
3986 1738 4276 1804 codicem

1073 1858 1430 1924 Arabicum
1479 1857 1938 1923 Florentinum
1984 1856 2449 1940 benignissime
2496 1856 2833 1921 concessit.

1332 1977 1512 2043 Deus
1554 1977 1656 2043 ita
1689 1982 1926 2056 vertat,
1973 1982 2052 2042 ut
2095 1976 2483 2061 opusculum
2528 1975 2727 2042 hocce
2774 1996 2906 2041 non
2950 1975 3164 2041 solum
3210 1976 3296 2041 ad
3331 1977 3767 2044 Orientalium
3811 1979 4275 2061 litteraturam,

1070 2121 1296 2165 verum
1365 2099 1566 2164 etiam
1633 2097 1722 2162 ad
1789 2118 2018 2163 eorum
2085 2099 2188 2163 ius
2257 2116 2335 2164 ac
2401 2095 2987 2182 iurisprudentiam
3052 2096 3571 2179 cognoscendam
3639 2098 3926 2184 aliquem
3992 2100 4279 2167 fructum

1076 2218 1437 2285 redundet!
1523 2217 1691 2283 Tum
1735 2217 2032 2299 laboreS,
2079 2239 2245 2302 quos
2289 2218 2360 2283 in
2407 2238 2572 2303 opus
2616 2216 2926 2302 impendi,
2974 2215 3420 2299 difficultates,
3467 2241 3631 2302 quas
3674 2242 3796 2305 pro
3842 2240 4040 2305 opere
4085 2221 4278 2302 subii,

1074 2339 1255 2405 haud
1299 2339 1529 2406 inanes
1574 2338 1843 2404 fuerint.

1323 2663 1614 2733 Berolini,
1657 2663 1742 2717 Id.
1778 2661 1910 2717 Jnn.
1953 2664 2108 2718 1889.
3771 2663 3840 2732 J.
3887 2664 3971 2731 B.
