4792 6400
659 2487 712 2528 T.
732 2487 897 2528 Actu:
924 2499 968 2535 p.
1000 2489 1035 2527 7.

2640 617 2735 687 50

1085 818 1785 903 vosqinterempturus,
1844 817 1958 884 sed
2015 823 2091 883 ut
2135 839 2392 902 semper
2437 817 2758 885 studeatis
2802 820 3081 886 Domino
3137 823 3354 885 vestro
3412 819 3950 902 appropinquare
3994 817 4166 889 bona
4213 817 4282 880 in

1085 922 1326 1005 specie,
1381 921 1560 987 haud
1607 920 1998 987 industriam
2054 923 2124 986 in
2177 922 2373 987 huius
2420 920 2649 998 Mundi
2695 922 2894 988 rebus
2940 921 3360 989 collocantes.
3448 920 3518 987 Si
3563 922 3723 1005 quis,
3756 928 3979 987 autem
4022 926 4281 1005 turpem

1085 1044 1153 1088 se
1219 1024 1424 1089 videri
1492 1025 1804 1108 opinatur
1871 1045 1949 1090 ac
2002 1026 2058 1089 si
2126 1046 2272 1090 eum
2341 1023 2547 1108 pudet
2609 1025 3008 1108 virginitatis
3074 1045 3260 1103 suae,
3330 1024 3509 1106 quod
3576 1026 3959 1108 nuptiarum
4022 1030 4280 1108 tempus

1083 1127 1502 1208 praeterierit
1523 1130 1589 1213 ¹),
1636 1128 1793 1193 licet
1837 1129 1898 1193 ei
1943 1129 2435 1194 matrimonium
2480 1127 2870 1194 contrahere
2921 1128 3233 1212 quodque
3276 1128 3578 1206 voluerit,
3623 1127 3828 1193 faciat
3873 1148 3991 1192 nec
4033 1133 4277 1211 peccat.

1085 1228 1169 1293 Et
1213 1230 1268 1294 si
1316 1230 1463 1313 quis
1509 1231 1800 1295 animum
1844 1251 2034 1296 suum
2079 1230 2369 1309 induxit,
2425 1230 2872 1314 virginitatem
2917 1252 3106 1296 suam
3149 1250 3440 1309 servare,
3496 1251 3688 1295 nemo
3735 1246 3881 1296 eum
3928 1235 4149 1314 cogat,
4203 1235 4277 1292 ut

1085 1332 1358 1396 consilio
1407 1332 1713 1415 desistat;
1769 1336 2015 1418 optime
2072 1335 2244 1398 enim
2304 1334 2457 1416 egit.
2559 1335 2653 1399 Ac
2699 1335 3096 1418 quicumque
3141 1333 3587 1417 virginitatem
3633 1355 3817 1399 suam
3859 1331 4277 1398 matrimonio

1083 1434 1389 1515 tradidit,
1447 1434 1615 1502 bene
1659 1435 1853 1518 fecit3
1921 1438 2035 1521 qui
2079 1459 2233 1503 vero
2279 1436 2727 1519 virginitatem
2784 1456 2969 1501 suam
3026 1437 3445 1502 matrimonio
3502 1458 3635 1501 non
3685 1435 3997 1515 tradidit,
4050 1434 4278 1500 melius

1086 1536 1305 1602 fecit.“
1396 1540 1540 1617 Qua
1585 1539 1655 1603 in
1699 1561 1770 1604 re
1815 1540 2171 1624 Apostolus
2215 1541 2420 1605 verba
2463 1547 2726 1606 secutus
2771 1545 2871 1605 est
2922 1540 3197 1605 Domini
3241 1540 3469 1618 nostri,
3517 1541 3762 1624 quippe
3808 1540 3923 1623 qui
3968 1539 4035 1602 in
4069 1537 4278 1602 Evan-

1086 1641 1256 1723 gelio
1313 1640 1411 1707 St.
1453 1642 1782 1707 Blattleaei
1799 1644 1849 1727 ²)
1891 1644 2043 1708 XIX
2101 1648 2391 1709 extremo
2414 1646 2466 1729 ³)
2511 1645 2580 1709 in
2639 1644 2857 1727 capite
2910 1643 3114 1708 dicat:
3174 1642 3418 1721 „Sunt,
3476 1643 3722 1726 inquit,
3791 1641 4100 1720 eunuchi,
4166 1641 4276 1724 qui

1086 1743 1210 1827 ipsi
1265 1764 1333 1808 se
1389 1751 1842 1811 castraverunt
1895 1752 2171 1829 propter
2224 1766 2499 1829 regnum
2562 1747 2921 1812 caelorum:
2985 1747 3100 1829 qui
3154 1744 3329 1811 ferre
3382 1751 3630 1828 potest,
3685 1745 3929 1811 ferat!“
4028 1744 4114 1808 Et
4157 1744 4280 1808 hoc

1087 1846 1269 1927 dixit,
1318 1847 1495 1931 quod
1542 1849 1600 1913 ei
1631 1849 1935 1932 discipuli
1965 1849 2465 1932 responderant,
2511 1848 2806 1915 dicentes
2821 1852 2904 1934 ⁴):
2965 1848 3084 1929 „Si
3127 1848 3284 1914 talis
3327 1849 3501 1913 ratio
3532 1849 3706 1913 inter
3736 1848 3946 1912 virum
3981 1867 4279 1912 uxorem·

1087 1971 1213 2033 que
1268 1971 1455 2015 suam
1509 1951 1887 2033 intercedit,
1954 1952 2203 2017 nubere
2260 1952 2441 2017 haud
2499 1958 2750 2018 rectum
2807 1957 2977 2017 est“.
3089 1952 3317 2034 Neque
3374 1951 3691 2017 Dominus
3753 1955 3980 2015 noster
4033 1949 4155 2014 hac
4211 1949 4279 2012 in

1081 2074 1241 2118 voce
1307 2053 1389 2118 de
1453 2055 1748 2120 membro
1815 2055 2088 2138 genitali
2157 2055 2559 2121 abscidendo
2627 2056 2829 2121 verba
2895 2055 3085 2121 facit:
3154 2055 3278 2120 hoc
3346 2055 3518 2120 enim
3573 2074 3613 2117 a
3678 2074 3881 2136 regno
3948 2052 4280 2119 caelorum

1085 2164 1396 2236 removet,
1444 2158 1615 2223 sicut
1661 2164 1813 2222 ante
1859 2159 2021 2224 haec
2063 2180 2167 2223 res
2213 2159 2610 2242 reprehensa
2657 2164 2776 2237 est,
2822 2158 2939 2224 ubi
2984 2159 3350 2242 expositum
3400 2164 3516 2236 est,
3565 2156 3648 2221 ab
3696 2178 3775 2221 ea
3820 2156 4281 2221 abstinendum

1087 2280 1252 2339 esse,
1310 2260 1487 2343 quod
1542 2267 1740 2326 antea
1794 2262 2112 2345 scriptum
2167 2262 2473 2327 occurrit.
2574 2262 2779 2327 Immo
2824 2283 2979 2326 vero
3041 2260 3320 2346 (vocem)
3366 2261 3743 2325 abscindere
3786 2258 4059 2324 adhibet
4104 2261 4280 2343 (cum

1084 2363 1147 2426 vi
1192 2363 1553 2447 vocabuli):
1618 2362 1859 2443 „finem
1901 2364 2183 2444 facere“,
2231 2365 2618 2430 abscindere
2661 2368 3068 2431 necessitates
3089 2367 3160 2448 ⁵),
3204 2368 3282 2427 ut
3325 2365 3391 2427 in
3435 2384 3709 2446 regnum
3755 2361 4087 2427 caelorum
4131 2380 4281 2444 per·

1085 2466 1437 2531 veniamus.
1527 2469 1743 2550 Atque
1791 2468 1992 2532 etiam
2036 2467 2236 2532 verba
2283 2470 2423 2532 eius
2468 2472 2732 2533 exstant
2775 2468 2843 2530 in
2889 2465 3246 2550 Evangelio
3293 2466 3623 2532 Matthaei
3640 2467 3721 2550 ⁶),
3768 2466 4022 2545 BIarci,
4065 2465 4282 2530 Lucae

1088 2568 1411 2652 deposita:
1484 2569 1678 2649 „Hoc
1721 2570 1908 2635 vobis
1965 2569 2280 2635 confirmo
2338 2572 2663 2636 neminem
2721 2590 2888 2649 esse,
2950 2570 3063 2653 qui
3119 2591 3389 2635 uxorem
3444 2590 3630 2635 suam
3680 2573 3954 2652 propter
4006 2588 4280 2650 regnum

1084 2671 1414 2737 caelorum
1457 2673 1821 2756 reliquerit,
1869 2671 2031 2757 quin
2073 2674 2533 2757 multipliciter
2576 2675 2643 2738 in
2690 2672 2814 2739 hoc
2858 2672 3122 2738 saeculo
3170 2679 3235 2738 et
3276 2673 3344 2737 in
3374 2671 3598 2737 futuro
3629 2676 3966 2737 aeternam
3998 2672 4280 2736 salutem

1084 2777 1172 2841 sit
1216 2782 1753 2841 consecuturus“.

2345 2972 2749 3068 Caput
2830 2972 3010 3047 III.

1342 3182 1834 3247 Matrimonium
1856 3184 1906 3267 7)
1951 3182 2207 3248 licitum
2239 3187 2355 3263 est,
2404 3190 2481 3248 ut
2508 3180 2808 3260 vidimus,
2856 3182 2936 3262 ei,
2974 3203 3168 3266 quem
3201 3183 3269 3247 in
3306 3181 3565 3247 duabus
3596 3181 3728 3247 illis
3759 3204 3958 3267 supra
3991 3182 4280 3251 definitis

1087 3284 1433 3368 generibus
1489 3307 1625 3350 esse
1680 3285 2098 3351 manifestum
2155 3292 2279 3366 est,
2348 3289 2501 3371 ne⁸)
2558 3284 2851 3356 libidinis
2905 3284 3144 3351 ardore
3201 3290 3462 3364 uratur,
3521 3306 3641 3350 nec
3693 3308 3823 3351 non
3880 3287 3972 3366 ei,
4031 3288 4145 3371 qui
4191 3287 4279 3351 ob

1086 3390 1279 3452 istam
1326 3388 1722 3471 tranquillus
1775 3409 1913 3454 esse
1960 3410 2091 3453 non
2135 3395 2373 3471 potest.
2466 3393 2612 3468 Qua
2658 3388 2738 3454 de
2794 3410 2866 3453 re
2912 3388 3113 3453 verba
3156 3389 3459 3470 Apostoli
3505 3388 3767 3468 docent,
3828 3411 3974 3455 cum
4018 3391 4087 3454 in
4131 3411 4277 3474 sep·

1085 3492 1246 3555 timo
1265 3493 1316 3575 ⁹)
1375 3492 1591 3574 capite
1644 3490 1831 3556 dicit:
1902 3490 2018 3572 „Si
2065 3498 2138 3556 tu
2184 3490 2433 3557 nubere
2477 3493 2602 3570 vis,
2659 3492 2924 3556 minime
2981 3490 3105 3555 hoc
3158 3498 3499 3575 peccatum
3556 3498 3682 3573 est3
3752 3499 3818 3558 et
3869 3493 3924 3558 si
3980 3494 4279 3576 nupserit

1084 3594 1284 3678 virgo,
1333 3616 1463 3660 non
1493 3594 1850 3678 peccavit“.
1940 3594 2091 3659 Jam
2121 3595 2278 3660 Ebr.
2307 3597 2391 3682 ¹⁰)
2425 3594 2608 3659 XIII:
2666 3594 3121 3673 „Honoratum
3153 3595 3241 3658 sit
3286 3595 3774 3659 matrimonium
3817 3596 4031 3661 ubivis
4076 3601 4279 3679 atque

1086 3698 1301 3764 cubile
1357 3719 1580 3762 eorum
1645 3698 1784 3762 sine
1835 3696 2205 3779 pollutione
2220 3705 2274 3761 “.
2385 3698 2604 3762 Bas-il.
2661 3696 2769 3761 V..·
2846 3696 3387 3776 „Matrimonium
3442 3698 3838 3781 virginitatis
3902 3705 4055 3764 voto
4107 3720 4277 3764 nun·

1086 3805 1327 3885 cupato
1382 3801 1740 3884 ignominia
1798 3805 1968 3865 est“.
2078 3800 2317 3883 Ancyr.
2359 3800 2606 3865 XVIII:
2689 3801 3147 3883 „Quicumque
3207 3805 3431 3865 votum
3486 3799 3645 3866 fecit
3705 3821 3772 3865 se
3830 3801 4277 3883 virginitatem

1086 3925 1270 3968 suam
1317 3909 1853 3970 conservaturum
1900 3923 2067 3983 esse,
2126 3903 2304 3986 quod
2349 3903 2475 3967 sibi
2522 3904 2893 3986 proposuit,
2952 3902 3273 3986 perficiat.
3362 3902 3430 3968 Si
3475 3924 3629 3969 vero
3676 3923 3806 3968 non
3854 3904 4277 3988 (perfecerit),

1083 4027 1363 4090 poenam
1411 4006 1740 4090 dependat
1783 4005 2061 4089 proinde
2107 4007 2297 4089 quasi
2344 4006 2509 4070 duas
2554 4005 2861 4071 mulieres
2904 4006 2975 4069 in
3020 4005 3509 4070 matrimonium
3554 4005 3877 4071 duxerit.“

1349 4222 1395 4301 1)
1444 4221 1576 4280 Gr.:
1635 4208 1878 4304 ,Ἐὰνῇ
1913 4214 2311 4304 ὒπέρακμοςῆ
2407 4219 2459 4297 9)
2504 4220 2615 4278 Ev.
2648 4220 2866 4279 Matth.
2904 4216 3091 4282 1912b.
3168 4218 3385 4279 Omnes
3417 4240 3452 4278 a
3480 4219 3656 4280 nobis
3703 4222 4029 4298 diligenter
4057 4224 4279 4282 exami-

1082 4360 1210 4419 nati
1267 4359 1499 4419 codices
1563 4359 1882 4418 lectionem
1934 4359 2186 4419 habent:
2255 4355 2302 4440 ξ]
2346 4363 2418 4418 Φ
2467 4354 2520 4440 ξί,
2572 4386 2643 4410 --
2697 4363 2775 4420 57
2822 4360 3000 4435 (proz
3069 4352 3118 4440 Ξ
3149 4361 3221 4417 ω
3251 4340 3356 4441 ᾗ),
3411 4360 3515 4437 qui
3570 4380 3853 4420 numerus
3908 4359 3984 4419 ad
4036 4360 4281 4420 minima

1083 4514 1303 4573 veteris
1345 4513 1663 4573 divisionis
1705 4513 1907 4592 capita
1945 4513 2230 4592 pertinet.
2322 4512 2368 4588 ³)
2402 4506 2878 4582 nri-mn&
2910 4504 3193 4585 qma-4-
3222 4528 3243 4566 a
3277 4494 3376 4595 (A.
3412 4511 3833 4594 [Ms.:117¹›]:
3866 4476 4277 4621 upvoeslv)

1085 4633 1362 4693 dissentit
1430 4655 1562 4694 cum
1634 4655 1703 4693 ea
1766 4634 2030 4713 capitum
2094 4633 2414 4706 divisione,
2481 4653 2659 4710 quam
2728 4654 2836 4693 nos
2900 4633 3206 4713 Europaei
3270 4634 3624 4713 accepimus.
3739 4635 3790 4714 ⁴)
3833 4636 4054 4696 Matth.
4104 4643 4180 4700 19
4202 4661 4280 4701 ιο.

1090 4770 1139 4848 ⁵)
1183 4772 1284 4829 A.:
1334 4757 1492 4848 (cod.
1542 4772 1632 4831 Q:
1696 4762 2072 4850 5:411)st
2122 4755 2179 4852 ι)
2215 4753 2514 4871 §fffi
2553 4755 2779 4846 dan-oga
2844 4771 2900 4853 3
3020 4771 3069 4850 ἢ
3114 4772 3335 4834 Matth.
3379 4780 3525 4838 1929
3565 4808 3649 4819 —
3689 4775 3874 4835 Marc.
3920 4780 4147 4838 lonso
4190 4810 4281 4821 —

1084 4908 1524 4972 Luc.1829.30.
1621 4908 1669 4988 7)
1713 4911 1787 4970 A.
1836 4909 2279 4991 [MS.:11s⁸]:
2354 4892 2674 5004 Ml
2743 4928 2903 4995 ὡς,
2967 4919 3066 5003 7³⁰
3131 4929 3256 5006 &a
3322 4894 3439 5006 ⁴5³*
3486 4894 3737 5018 Juvat?
3793 4892 4021 4991 &aba
4079 4897 4281 5023 &3510

1091 5046 1139 5125 ⁸)
1183 5050 1287 5106 A.:
1340 5028 1638 5139 ἔγραψ’..)
1699 5054 1940 5154 0729
1975 5044 2122 5150 sss:
2235 5049 2284 5128 ⁹)
2329 5050 2457 5109 Nos
2503 5049 3044 5127 exspectaverimus
3089 5071 3201 5129 pro
3248 5045 3310 5133 ἓ
3350 5065 3372 5105 2
3414 5078 3517 5087 —
3559 5047 3614 5133 ᾗ
3659 5066 3681 5106 2
3727 5051 3849 5112 vid.
3875 5060 4079 5113 annot.
4106 5058 4163 5116 3.
4190 5088 4281 5100 -

1090 5172 1120 5229 1
1160 5166 1294 5227 Cor.
1330 5174 1451 5231 728.
1564 5168 1640 5246 ¹⁰)
1686 5168 1833 5228 Ebr.
1866 5174 2004 5233 134.
2379 5183 2384 5187 ’
3019 5179 3027 5185 “
