4792 6400
1728 1655 2607 1735 PRAEFATIO.

826 2017 1169 2130 Cogitanti
1224 2047 1383 2112 mihi
1448 2067 1948 2132 saepenumerO,
2019 2049 2287 2130 quinam
2355 2047 2528 2114 liber
2579 2048 3004 2134 Aethiopicus
3059 2050 3234 2133 typis
3297 2050 3585 2116 nondum
3639 2052 3760 2116 im-

564 2190 844 2254 pressuS‚
893 2168 1310 2252 dignissimus
1348 2168 1452 2247 sit,
1501 2168 1613 2251 qui
1660 2166 2012 2252 diligenter
2057 2188 2134 2233 ac
2178 2168 2504 2252 perpolite
2551 2168 2930 2236 elaboratus
2975 2168 3254 2255 prodeat
3300 2170 3368 2234 in
3398 2170 3757 2254 publicum,

564 2291 737 2357 oculi
782 2292 851 2354 in
899 2309 976 2355 eo
1022 2288 1273 2367 codice,
1332 2287 1448 2372 qui
1495 2287 1654 2368 ,Jus
1697 2287 1973 2371 Reyum‘
2021 2287 2551 2373 (Abessinorum)
2598 2290 3007 2372 inscribitur,
3065 2312 3322 2375 semper
3371 2291 3557 2355 infixi
3603 2291 3757 2356 hae-

562 2411 821 2477 rebant.
914 2408 1103 2490 Quod
1158 2429 1322 2492 opus
1377 2408 1830 2492 gravissimum
1885 2410 2015 2473 iam
2070 2429 2242 2475 anno
2296 2408 2618 2474 milesimo
2666 2411 3203 2496 octingentesimo
3252 2410 3756 2496 quadragesimo

564 2538 802 2616 quarto
858 2530 1148 2597 studium
1205 2528 1839 2612 admirationemque
1896 2529 2164 2594 Henrici
2211 2530 2662 2597 Ewaldiorum
2719 2538 3040 2597 moverat:
3106 2533 3347 2598 etenim
3401 2532 3560 2597 audi
3615 2533 3755 2598 eius

562 2653 768 2738 ipsius
812 2650 1121 2736 verba*):

818 2773 1023 2854 „Dies
1074 2769 1409 2836 wertvolle
1466 2769 1692 2851 Werk,
1760 2770 2038 2836 welches
2103 2793 2226 2836 uns
2296 2771 2466 2838 auch
2531 2770 2640 2837 fiir
2705 2772 2812 2837 die
2878 2770 3123 2837 dunkle
3179 2772 3569 2838 Geschichte
3637 2772 3755 2838 der

466 2963 475 2970 ,
557 2893 927 2977 Aethiopen
970 2892 1136 2957 viele
1182 2889 1602 2956 Aufschliisse
1660 2890 1867 2974 geben
1924 2891 2132 2972 kann,
2190 2913 2325 2957 war
2369 2891 2694 2957 Ludolfen
2750 2892 2920 2957 noch
2965 2914 3126 2976 ganz
3172 2891 3589 2973 unbekannt,
3643 2913 3752 2976 ge-

560 3015 706 3078 wiss
751 3012 898 3079 blos
944 3011 1308 3095 deswegzm,
1363 3011 1509 3077 weil
1558 3032 1625 3076 es
1667 3012 1737 3075 in
1780 3011 2174 3097 Aethiopien
2227 3011 2433 3078 selbst
2489 3035 2569 3078 zu
2625 3012 2752 3077 den
2795 3014 3108 3080 seltneren
3150 3011 3453 3079 Biichern
3500 3012 3753 3096 geh‘ort.

561 3134 675 3198 Ich
722 3133 1018 3200 enthalte
1059 3132 1233 3196 mich
1276 3130 1388 3197 fur
1424 3131 1592 3214 jetzt
1636 3133 1703 3197 in
1738 3132 1879 3197 eine
1911 3131 2155 3197 nabere
2184 3132 2674 3218 Beschreibung
2704 3133 3121 3218 einzugehen,
3167 3132 3252 3198 da
3295 3155 3375 3198 zu
3420 3133 3754 3200 wiinschen

560 3257 665 3335 ist,
712 3255 863 3319 dass
908 3254 1026 3319 das
1056 3252 1256 3320 Werk
1304 3253 1457 3319 sehr
1501 3253 1657 3318 bald
1702 3261 1897 3319 unter
1941 3275 2063 3318 uns
2110 3255 2214 3319 ein
2261 3253 2684 3336 Gegenstand
2728 3253 3126 3319 besonderer
3163 3254 3753 3339 Untersuchungen

562 3375 699 3440 und
752 3373 1279 3457 Abhandlungen
1335 3372 1595 3440 werden
1662 3378 1913 3458 m‘oge.“
2014 3374 2256 3440 Verum
2313 3374 2638 3455 dolemus,
2704 3373 2880 3457 quod
2951 3374 3052 3438 vir
3101 3375 3214 3439 ille
3272 3381 3339 3440 et
3391 3374 3633 3457 linguis
3687 3380 3755 3439 et

561 3496 801 3561 litteris
845 3492 1279 3561 orientalibus
1334 3493 1749 3560 doctissimus
1803 3494 1904 3559 ius
1950 3494 2417 3560 Abessinorum
2463 3494 2725 3560 silentio
2770 3495 3174 3578 praeterivit.
3264 3494 3445 3561 Idem
3490 3494 3627 3560 fere
3672 3494 3754 3559 de

562 3617 919 3699 Roediyero
942 3617 992 3700 ¹)
1040 3613 1389 3680 dicendum
1436 3621 1560 3680 est:
1616 3636 1807 3680 nemo
1863 3635 2020 3679 sane
2065 3594 2288 3680 eorum
2345 3615 2414 3679 in
2460 3636 2656 3698 opere
2702 3616 2828 3680 isto
2875 3614 3277 3698 amplissimo
3322 3614 3642 3680 desudare
3689 3620 3754 3679 et

564 3735 907 3801 elaborare
976 3736 1265 3800 animum
1328 3756 1516 3800 suum
1572 3733 1851 3800 induxit.
1950 3735 2361 3819 Quamquam
2415 3735 2787 3800 Fridericus
2842 3735 3176 3818 Augustus
3227 3735 3513 3816 Arnold‚
3575 3734 3754 3801 illius

564 3856 924 3939 discipulus
967 3862 1178 3920 morte
1223 3855 1577 3924 immatura
1622 3856 2014 3936 exstinctus,
2069 3857 2321 3939 primus
2367 3857 2584 3939 capite
2621 3855 2870 3920 XLIV⁰
2915 3854 3091 3920 edito
3109 3856 3161 3939 ²)
3206 3854 3516 3920 tenebras
3571 3856 3754 3938 operi

566 3977 810 4042 offusas
854 3975 1198 4061 paululum
1245 3974 1594 4059 dispellere
1638 3981 1914 4041 conatus
1945 3982 2064 4056 est,
2112 3996 2428 4061 persaepe
2460 3982 2680 4041 autem
2713 3975 2967 4058 magnis
3010 3974 3344 4041 erroribus
3376 3974 3754 4059 implicatus

563 4096 871 4162 tenebras
927 4095 1219 4161 tenebris
1274 4095 1534 4162 adiecit.
1633 4095 1770 4161 Iam
1827 4095 1929 4159 his
1983 4096 2223 4160 nostris
2269 4095 2704 4180 temporibus,
2766 4097 2886 4161 etsi
2932 4115 3065 4159 non
3108 4095 3375 4176 desunt,
3433 4097 3545 4180 qui
3591 4094 3754 4161 locis

563 4218 708 4282 istis
754 4215 1049 4283 obscuris
1093 4215 1305 4281 lucem
1352 4216 1588 4282 afferre
1634 4216 1880 4300 optime
1925 4217 2157 4295 sciant,
2203 4237 2284 4281 ne
2329 4238 2499 4281 unus
2545 4216 2808 4299 quidem
2852 4216 3036 4299 operi
3064 4215 3373 4281 inchoato
3418 4215 3756 4299 fastigium

563 4336 894 4420 imposuit.
996 4336 1216 4402 Etiam
1274 4336 1625 4401 Eduardus
1671 4338 1924 4403 Sachau
1943 4339 2026 4420 ³),
2081 4335 2162 4401 de
2214 4338 2357 4402 iure
2415 4337 2722 4402 orientali
2781 4335 3182 4401 enucleando
3241 4337 3407 4402 bene
3460 4337 3753 4416 merituS,

566 4456 772 4538 Fetha
826 4456 1106 4543 Nagast,
1181 4457 1350 4521 sicut
1416 4478 1486 4521 re
1548 4456 2040 4539 postulabatur,
2111 4458 2301 4541 quasi
2364 4458 2771 4541 praeteriens
2791 4458 2844 4542 3)
2900 4456 3298 4521 mentionem
3359 4454 3536 4522 fecit.
3640 4455 3755 4521 Vel

565 4577 942 4659 gravissime
989 4576 1271 4659 denique
1318 4575 1607 4657 ferimus,
1653 4577 1830 4660 quod
1870 4578 2202 4661 Augustus
2239 4578 2602 4658 Dillmann,
2649 4577 2763 4661 qui
2809 4575 2897 4641 ad
2940 4575 3135 4640 lexici
3154 4577 3207 4660 ⁴)
3255 4575 3354 4640 sui
3385 4576 3755 4660 Aethiopici

782 4800 835 4872 *)
872 4801 1204 4856 zeitschrift
1251 4800 1343 4855 fiir
1388 4801 1480 4855 die
1516 4801 1721 4856 Kunde
1759 4803 1858 4856 des
1894 4802 2350 4871 Morgenlandes.
2423 4801 2586 4857 Bonn
2623 4802 2778 4857 1844.
2852 4801 2979 4855 vol.
3008 4801 3059 4852 V
3095 4818 3222 4871 pag.
3264 4802 3381 4857 198.
3397 4803 3482 4856 99.
3522 4801 3641 4854 sub.
3671 4803 3753 4856 13.

584 4890 622 4958 ¹)
661 4889 948 4944 Hallische
995 4889 1330 4959 allgemeine
1356 4889 1902 4958 Litteraturzeitung
1926 4906 1979 4943 v.
2006 4889 2057 4945 J.
2088 4890 2243 4956 1841,
2270 4888 2383 4942 vol.
2410 4888 2505 4944 IV.
2563 4888 3147 4959 Ergiinzungsbliitter
3176 4906 3304 4959 pag.
3337 4889 3451 4943 179.
3516 4890 3558 4958 ²)
3597 4887 3757 4941 Libri

569 4977 899 5047 Aethiopici
935 4978 1119 5032 Fetha
1154 4977 1369 5047 Negent
1404 4979 1441 5032 i.
1469 4995 1516 5032 e.
1557 4977 1750 5031 Canon
1787 4976 2022 5047 Regum,
2061 4981 2232 5046 caput
2263 4976 2446 5031 XLIV
2483 4977 2554 5031 de
2592 4977 2858 5046 Regibus.
2931 4977 3091 5031 Halis
3129 4976 3432 5030 Saxonum.
3506 4975 3757 5046 (Pi-ogr.)

573 5067 614 5135 8)
653 5065 838 5135 Georg
876 5065 1072 5120 Bruns
1107 5084 1159 5120 u.
1198 5065 1433 5121 Eduard
1471 5064 1730 5133 Sachau,
1776 5063 2338 5133 Syrisch-romisches
2376 5064 2739 5120 Rechtsbuch
2775 5083 2874 5119 aus
2913 5065 3041 5119 dem
3085 5063 3313 5119 fiinften
3350 5062 3759 5118 Jahrhundert.

566 5153 803 5224 Leipzig
842 5155 996 5210 1880.
1035 5172 1090 5222 p.
1130 5155 1248 5209 179.
1289 5172 1416 5208 cum
1453 5159 1589 5209 nota
1628 5156 1676 5208 1.
1754 5154 1795 5222 ⁴)
1831 5150 2055 5223 Proleg.
2093 5151 2189 5208 IX.
2227 5152 2266 5208 f.
